@article{jirsa2017virtual,
  title={The virtual epileptic patient: individualized whole-brain models of epilepsy spread},
  author={Jirsa, Viktor K and Proix, T and Perdikis, Dionysios and Woodman, Michael Marmaduke and Wang, H and Gonzalez-Martinez, J and Bernard, Christophe and B{\'e}nar, Christian and Guye, Maxime and Chauvel, Patrick and others},
  journal={Neuroimage},
  volume={145},
  pages={377--388},
  year={2017},
  publisher={Elsevier}
}

@article{jirsa2014nature,
  title={On the nature of seizure dynamics},
  author={Jirsa, Viktor K and Stacey, William C and Quilichini, Pascale P and Ivanov, Anton I and Bernard, Christophe},
  journal={Brain},
  volume={137},
  number={8},
  pages={2210--2230},
  year={2014},
  publisher={Oxford University Press}
}

@article{proix2014permittivity,
  title={Permittivity coupling across brain regions determines seizure recruitment in partial epilepsy},
  author={Proix, Timoth{\'e}e and Bartolomei, Fabrice and Chauvel, Patrick and Bernard, Christophe and Jirsa, Viktor K},
  journal={Journal of Neuroscience},
  volume={34},
  number={45},
  pages={15009--15021},
  year={2014},
  publisher={Soc Neuroscience}
}